@misc{geniusapi,
	 title={{Genius API Documentation}}, url={https://rapidapi.com/brianiswu/api/genius},
	 journal={RapidAPI},
	month={March},year={2020},
	author={@brianiswu}
 }
@misc{beautifulsoup,
	title={{Beautiful Soup Documentation}}, url={https://www.crummy.com/software/BeautifulSoup/bs4/doc/},
	month={March},year={2020}
}
@misc{collocations-nltk,
	title={{NLTK Collocation Tutorial}},
	url={http://www.nltk.org/howto/collocations.html},
	month={March},year={2020}
}
@misc{dhasa,
	 url={https://www.rehab.research.va.gov/jour/87/24/4/pdf/graupe.pdf}, publisher={Journal of Rehabilitation Researchand Development Vol. 24 No. 4 Pages 119â€”126}, year={1987}, month={Sep}}